<?xml version="1.0" encoding="UTF-8"?><collection xmlns="http://www.loc.gov/MARC21/slim"><record><leader>00574nam--2200169-u-4500</leader><controlfield tag="001">000054357</controlfield><controlfield tag="002">20161230</controlfield><controlfield tag="005">20161230201051</controlfield><controlfield tag="008">111124s1000------------r-----000-0-eng-d</controlfield><datafield ind1=" " ind2=" " tag="040"><subfield code="a">IFIN-HH</subfield></datafield><datafield ind1=" " ind2=" " tag="080"><subfield code="a">539.12.1652.8(048.8):539.172.6(048.8)</subfield></datafield><datafield ind1="1" ind2=" " tag="110"><subfield code="a">Max-Planck-Institut F©ơr Physick Und Astrophysik</subfield></datafield><datafield ind1="1" ind2="0" tag="245"><subfield code="a">Proceedings of the vii international colloquium on ultiparticle production tutzing, 21.6-25.6.1976</subfield></datafield><datafield ind1=" " ind2=" " tag="260"><subfield code="a">Munchen</subfield><subfield code="b">Max-plank-institut Fur Physick Und Astrophysik</subfield><subfield code="c">1976</subfield></datafield><datafield ind1=" " ind2=" " tag="300"><subfield code="a">590P</subfield></datafield><datafield ind1=" " ind2=" " tag="852"><subfield code="a">43906</subfield><subfield code="c">539.12</subfield></datafield><datafield ind1=" " ind2=" " tag="CAT"><subfield code="a">Sys</subfield><subfield code="c">20111124</subfield><subfield code="h">162341</subfield></datafield></record></collection>